@article{artigoveja,
  title={Global surveillance of cancer survival 1995--2009: analysis of individual data for 25 676 887 patients from 279 population-based registries in 67 countries (CONCORD-2)},
  author={Allemani, Claudia and Weir, Hannah K and Carreira, Helena and Harewood, Rhea and Spika, Devon and Wang, Xiao-Si and Bannon, Finian and Ahn, Jane V and Johnson, Christopher J and Bonaventure, Audrey and others},
  journal={The Lancet},
  volume={385},
  number={9972},
  pages={977--1010},
  year={2015},
  publisher={Elsevier}
}

@article{abadi,
  title={Comparison of Aalenâ€™s additive and Cox proportional hazards models for breast cancer survival: analysis of population-based data from British Columbia, Canada},
  author={Abadi, Alireza and Saadat, Saeed and Yavari, Parvin and Bajdik, Chris and Jalili, Parvin},
  journal={Asian Pacific Journal of Cancer Prevention},
  volume={12},
  number={11},
  pages={3113--3116},
  year={2011},
}

@book{colosimoegiolo2006,
  title={An{\'a}lise de sobreviv{\^e}ncia aplicada},
  author={Enrico Antonio Colosimo and Suely Ruiz Giolo},
  address = {S{\~a}o Paulo, Brasil},
  isbn = {9788521203841},
  series={ABE - Projeto Fisher},
  year={2006},	
  pages ={392},
  publisher={Edgard Bl{\"u}cher}
}

@article{aalen1989,
  title={A linear regression model for the analysis of life times},
  author={Aalen, Odd O},
  journal={Statistics in Medicine},
  volume={8},
  number={8},
  pages={907--925},
  year={1989},
  publisher={Wiley Online Library}
}

@Manual{erasto,
    title = {Relat\'orio Epidemiol\'ogico: 1990 a 2009.},
    author = {{LIGA PARANAENSE DE COMBATE AO C\^ANCER}},
    address = {Curitiba: LPCC},
    year = {2011},
    pages ={124},
    url = {http://www.erastogaertner.com.br/arquivos/rhc/DuasDecadas_RHC_HEG_1990a2009.pdf},
    note         = "Acesso em 15 de Nov de 2015"
  }


@article{kaplan,
  title={Nonparametric estimation from incomplete observations},
  author={Kaplan, Edward L and Meier, Paul},
  journal={Journal of the American Statistical Association},
  volume={53},
  number={282},
  pages={457--481},
  year={1958},
  publisher={Taylor \& Francis}
}

@article{mantel,
  title={Evaluation of survival data and two new rank order statistics arising in its consideration.},
  author={Mantel, Nathan},
  journal={Cancer Chemotherapy Reports},
  volume={50},
  number={3},
  pages={163--170},
  year={1966}
}

@Manual{algoritimo,
  title={Modelos Lineares: sele\c{c}\~ao de vari\'aveis},
  author={Ferreira,  Ariane},
  address={Rio de Janeiro, UERJ},
  pages={9},
  url={http://wiki.nosdigitais.teia.org.br/images/f/fa/Apostila_selecao_variaveis.pdf},
  year={2012}
}

@Manual{inca2014,
  title={Incid{\^e}ncia do C{\^a}ncer no Brasil},
  author={{INCA}},
  address={Rio de Janeiro},
  url={http://www. inca. gov. br/estimativa/2014/},
  pages={124},
  year={2014},
  note         = "Acesso em 15 de Nov de 2015"
}


@Manual{siteinca,
    title = {O c{\^a}ncer de mama},
    author = {{INCA}},
    year = {2015},
    url = {http://www.inca.gov.br/wcm/outubro-rosa/2015/cancer-de-mama.asp},
    address={Rio de Janeiro},
    note         = "Acesso em 15 de Nov de 2015"
  }


@Manual{siteinca2,
    title = {Controle do c{\^a}ncer de mama},
    author = {{INCA}},
    year = {2014},
    url = {http://www2.inca.gov.br/wps/wcm/connect/acoes_programas/site/home/nobrasil/programa_controle_cancer_mama/tratamento},
    address={Rio de Janeiro},
    note         = "Acesso em 08 de Dez de 2015"
  }

@Manual{imama,
    title = {C{\^a}ncer de Mama Metast{\'a}tico},
    author = {{IMAMA - INSTITUTO DA MAMA RS}},
    year = {2014},
    url = {http://www.imama.org.br/index.php/cancer-de-mama},
    address={Porto Alegre},
    note         = "Acesso em 08 de Dez de 2015"
  }


@Manual{citeR,
    title = {R: A Language and Environment for Statistical Computing},
    author = {{R CORE TEAM}},
    organization = {R Foundation for Statistical Computing},
    address = {Vienna, Austria},
    year = {2015},
    url = {https://www.R-project.org/}
  }
